@manual{userguide,
title="Negotiation User Guide",
author="T. Baarslag and W. Pasman and K. Hindriks and D. Tykhonov and W. Visser and M. Hendrikx",
month="Januray",
year="2013",
}

@article{ASarticle,
    author    = "Baarslag, T. and Hindriks, K. and Jonker, C.M.",
    title     = "Acceptance Conditions in Automated Negotiation",
    journal   = "Complex Automated Negotiations: Theories, Models, and Software Competitions",
    number   = "435",
    pages    = "95-111",
    year      = "2013",
    note="\url{http://ii.tudelft.nl/sites/default/files/Acceptance%20Conditions%20in%20Automated%20Negotiation-pub.pdf}",
}